@article{moritz2017,
title = "A new paradigm to measure probabilistic reasoning and a possible
answer to the question why psychosis-prone individuals
jump to conclusions",
author = "Steffen Moritz and Ryan P. Balzan and Susan C. Kulagin and Anja S. Göritz and Lukasz Gaweda and Christina Andreou",
journal = "Journal of Abnormal Psychology",
volume = "126",
year = "2017",
pages  = "406-415"
}

@article{balzan2017,
title = "Beads task vs. box task: The specificity of the jumping to conclusions
bias",
author = "Ryan P. Balzan and Rachel Ephramus and Paul Delfabbro and Christina Andreou",
journal = "Journal of Behavior Therapy and
Experimental Psychiatry",
volume = "56",
year = "2017",
pages = "42-50"
}

@book{dsm-5,
author = "{American Psychiatric Association}", 
title = "Diagnostic and statistical manual of mental disorders",
year = "2013",
edition = "5",
publisher = {American Psyciatric Publishing}
}

@article{garety2011,
title = "Jumping to conclusions: the psychology of delusional reasoning",
author = "Philippa Garety and Daniel Freeman and Suzanne Jolley and Kerry Ross and Helen Waller and Graham Dunn",
journal = "Advances in psychiatric treatment",
volume = "17",
year = "2011",
pages = "332-339"
}


@article{dudley_meta_2016,
title = "Psychosis, delusions and the “jumping to conclusions” reasoning bias:
A Systematic Review and Meta-analysis",
author = "Robert Dudley and Peter Taylor and Sophie Wickham and Paul Hutton",
journal = "Schizophrenia bulletin",
volume = "42",
year = "2016",
pages = "652–665"
}


@article{Leer2017,
author = {Leslie van der Leer and Bjoern Hartig and Maris Goldmanis and Ryan McKay},
title ={Why do delusion-prone individuals “jump to conclusions”? An investigation using a nonserial data-gathering paradigm},
journal = {Clinical Psychological Science},
volume = {5},
number = {4},
pages = {718-725},
year = {2017},
doi = {10.1177/2167702617698811},
URL = { 
        https://doi.org/10.1177/2167702617698811
}
}

@article{huq1988,
title = "Probabilistic judgements in deluded and non-deluded subjects",
author = "Huq, S. F. and Garety, P. A. and Hemsley, D. R.",
journal = "The Quarterly journal of experimental psychology",
volume = "40",
year = "1988",
pages = "801–812",
doi = "10.1080/14640748808402300"
}

@article{moritz2005,
title = "Jumping to conclusions in delusional and non-delusional schizophrenic patients",
author = "Steffen Moritz and Todd S. Woodward",
journal = "The British Journal of
Clinical Psychology",
volume = "44",
year = "2005",
pages = "193–207",
doi = "10.1348/
014466505X35678"
}

@book{statinf,
author = {George Casella and Roger L. Berger},
title = {Statistical Inference},
year = {2002},
edition = {2},
publisher = {Brooks/cole, Cengage Learning}
}

@book{schay2016introduction,
  title={Introduction to Probability With Statistical Applications},
  author={Schay, G{\'e}za},
  year={2016},
  publisher={Birkh{\"a}user}
}

@book{givens2012computational,
  title={Computational Statistics},
  author={Givens, G.H. and Hoeting, J.A.},
  isbn={9781118555286},
  series={Wiley Series in Computational Statistics},
  url={https://books.google.no/books?id=8nHkxnYgBUsC},
  year={2012},
  publisher={Wiley}
}

@book{algdat,
author = {Thomas H. Cormen and Charles E. Leiserson and Ronald L. Rivest and Clifford Stein},
title = {Introduction to Algorithms},
year = {2009},
edition = {3},
publisher = {MIT Press}
}

@inproceedings{idealObs,
author = {He, Xin and Samuelson, Frank and Gallas, Brandon and Sahiner, Berkman and Myers, Kyle},
booktitle = {},
title = {The Equivalence of a Human Observer and an Ideal Observer in Binary Diagnostic Tasks},
year = {2013},
month = {03},
pages = {86730E},
volume = {8673},
journal = {Proceedings of SPIE - The International Society for Optical Engineering},
doi = {10.1117/12.2007921}
}

@book{bootstrap,
author = {Bradley Efron and Robert J. Tibshirani},
title = {An Introduction to the Bootstrap},
year = {1993},
publisher = {Chapman \& Hall}
}

@book{softmax,
  title={Pattern Recognition and Machine Learning: All "just the Facts 101" Material},
  author={Bishop, C.M.},
  isbn={9788132209065},
  series={Information science and statistics},
  url={https://books.google.no/books?id=HL4HrgEACAAJ},
  year={2013},
  publisher={Springer (India) Private Limited}
}

@book{statisticalDecisionTheoryLiese2008,
  title={Statistical Decision Theory: Estimation, Testing, and Selection},
  author={Liese, F. and Miescke, K.J.},
  isbn={9780387731940},
  lccn={2008924221},
  series={Springer Series in Statistics},
  url={https://books.google.no/books?id=fIEacHKREMMC},
  year={2008},
  publisher={Springer New York}
}